@url{isafol,
	Author = {Blanchette, J. C. and Fleury, M. and Schlichtkrull, A. and Traytel, D.},
	Howpublished = {\url{https://bitbucket.org/jasmin_blanchette/isafol}},
	Title = {{I}sa{F}o{L}: {Isabelle} {Formalization} of {Logic}}}

@mastersthesis{thesis,
	Author = {Schlichtkrull, Anders},
	Note = {\url{https://people.compute.dtu.dk/andschl/Thesis.pdf}},
	School = {Technical University of Denmark},
	Title = {Formalization of Resolution Calculus in {Isabelle}},
	Type = {MSc thesis},
	Year = {2015}}

@inproceedings{schlichtkrull,
	Author = {Schlichtkrull, Anders},
	Booktitle = {ITP 2016},
	Publisher = {Springer},
	Series = {LNCS},
	Title = {Formalization of the Resolution Calculus for First-Order Logic},
	Volume = {9807},
	Year = {2016}}
