@inproceedings{schulz-2013,
  author =       {Stephan Schulz},
  title =        {System Description: {E}~1.8},
  booktitle =    {LPAR-19},
  pages =     {735--743},
  year =         {2013},
  editor =       {Ken McMillan and Aart Middeldorp and Andrei Voronkov},
  volume =       {8312},
  series={{LNAI}},
  publisher =    {Springer}
}

@inproceedings{weidenbach-et-al-2009,
  author    = {Christoph Weidenbach and
               Dilyana Dimova and
               Arnaud Fietzke and
               Rohit Kumar and
               Martin Suda and
               Patrick Wischnewski},
  title     = {{SPASS}~Version 3.5},
  editor = "Renate A. Schmidt",
  booktitle = {CADE-22},
  series = "LNAI",
  volume = {5663},
  pages = "140--145",
  year = 2009,
  publisher = "Springer"
}
