@url{isafor,
	Author = {Sternagel, Christian and Thiemann, Ren{\'e}},
	Howpublished = {\url{http://cl-informatik.uibk.ac.at/software/ceta/}},
	Title = {An {Isabelle/HOL} formalization of rewriting for certified termination analysis}}

@url{unify,
	Author = {Schlichtkrull, Anders},
	Howpublished = {\url{https://bitbucket.org/jasmin_blanchette/isafol/src/master/Unordered_Resolution/}},
	Title = {Formalization of First-Order Unordered Resolution}}

@book{leitsch,
	Author = {Alexander Leitsch},
	Bibsource = {dblp computer science bibliography, http://dblp.org},
	Biburl = {http://dblp.uni-trier.de/rec/bib/books/daglib/0085625},
	Isbn = {978-3-540-61882-9},
	Publisher = {Springer},
	Series = {Texts in theoretical computer science},
	Timestamp = {Thu, 21 Apr 2011 19:59:45 +0200},
	Title = {The Resolution Calculus},
	Year = {1997}}

@book{chang,
	Address = {Orlando, FL, USA},
	Author = {Chang, Chin-Liang and Lee, Richard Char-Tung},
	Edition = {1st},
	Isbn = {0121703509},
	Publisher = {Academic Press, Inc.},
	Title = {Symbolic Logic and Mechanical Theorem Proving},
	Year = {1973}}

@book{ben-ari,
	Author = {Ben-Ari, Mordechai},
	Edition = {3rd},
	Publisher = {Springer},
	Title = {Mathematical Logic for Computer Science},
	Year = {2012}}

@url{isafol,
	Author = {Blanchette, J. C. and Fleury, M. and Schlichtkrull, A. and Traytel, D.},
	Howpublished = {\url{https://bitbucket.org/jasmin_blanchette/isafol}},
	Title = {{I}sa{F}o{L}: {Isabelle} {Formalization} of {Logic}}}

@mastersthesis{thesis,
	Author = {Schlichtkrull, Anders},
	Note = {\url{https://people.compute.dtu.dk/andschl/Thesis.pdf}},
	School = {Technical University of Denmark},
	Title = {Formalization of Resolution Calculus in {Isabelle}},
	Type = {MSc thesis},
	Year = {2015}}

@inproceedings{schlichtkrull,
	Author = {Schlichtkrull, Anders},
	Booktitle = {ITP 2016},
	Publisher = {Springer},
	Series = {LNCS},
	Title = {Formalization of the Resolution Calculus for First-Order Logic},
	Volume = {9807},
	Year = {2016}}
