@article{dblp:journals/jar/ebnerbt23,
  author       = {Gabriel Ebner and
                  Jasmin Blanchette and
                  Sophie Tourret},
  title        = {Unifying Splitting},
  journal      = {J. Autom. Reason.},
  volume       = {67},
  number       = {2},
  pages        = {16},
  year         = {2023},
  url          = {https://doi.org/10.1007/s10817-023-09660-8},
  doi          = {10.1007/S10817-023-09660-8},
  timestamp    = {Tue, 12 Sep 2023 07:57:44 +0200},
  biburl       = {https://dblp.org/rec/journals/jar/EbnerBT23.bib},
  bibsource    = {dblp computer science bibliography, https://dblp.org}
}